@inproceedings{Koch2015SiameseNN,
  title={Siamese Neural Networks for One-shot Image Recognition},
  author={G. R. Koch and Richard S. Zemel and Ruslan Salakhutdinov},
  year={2015}
}

@MISC{Lake_oneshot,
    author = {Brenden M. Lake and Ruslan Salakhutdinov and Jason Gross and Joshua B. Tenenbaum},
    title = {One shot learning of simple visual concepts},
    year = {2011}
}


@incollection{Bromley94,
title = {Signature Verification using a "Siamese" Time Delay Neural Network},
author = {Bromley, Jane and Isabelle Guyon and LeCun, Yann and Eduard S\"{a}ckinger and Shah, Roopak},
booktitle = {Advances in Neural Information Processing Systems 6},
editor = {J. D. Cowan and G. Tesauro and J. Alspector},
pages = {737--744},
year = {1994},
publisher = {Morgan-Kaufmann},
url = {http://papers.nips.cc/paper/769-signature-verification-using-a-siamese-time-delay-neural-network.pdf}
}

@INPROCEEDINGS{Chopra2005,
author={S. Chopra and R. Hadsell and Y. LeCun},
booktitle={2005 IEEE Computer Society Conference on Computer Vision and Pattern Recognition (CVPR'05)},
title={Learning a similarity metric discriminatively, with application to face verification},
year={2005},
volume={1},
number={},
pages={539-546 vol. 1},
keywords={face recognition;learning (artificial intelligence);L1 norm;discriminative loss function;face recognition;face verification;geometric distortion;semantic distance approximation;similarity metric learning;Artificial neural networks;Character generation;Drives;Face recognition;Glass;Robustness;Spatial databases;Support vector machine classification;Support vector machines;System testing},
doi={10.1109/CVPR.2005.202},
ISSN={1063-6919},
month={June},}

@ARTICLE{LiFeiFei2006,
author={Li Fei-Fei and R. Fergus and P. Perona},
journal={IEEE Transactions on Pattern Analysis and Machine Intelligence},
title={One-shot learning of object categories},
year={2006},
volume={28},
number={4},
pages={594-611},
keywords={Bayes methods;image recognition;learning (artificial intelligence);statistical analysis;Bayesian implementation;maximum a posteriori method;maximum likelihood method;object categories;object category posterior model;one-shot learning;probabilistic models;probability density function;Automotive materials;Bayesian methods;Image databases;Layout;Management training;Probability density function;Rough surfaces;Surface roughness;Taxonomy;Testing;Recognition;few images;learning;object categories;priors.;unsupervised;variational inference;Algorithms;Artificial Intelligence;Bayes Theorem;Cluster Analysis;Computer Simulation;Image Enhancement;Image Interpretation, Computer-Assisted;Imaging, Three-Dimensional;Information Storage and Retrieval;Models, Biological;Models, Statistical;Pattern Recognition, Automated;Reproducibility of Results;Sensitivity and Specificity},
doi={10.1109/TPAMI.2006.79},
ISSN={0162-8828},
month={April},}
